<record><leader>00000cas a22000007a 4500</leader><controlfield tag="001">15183119</controlfield><controlfield tag="008">870211d18uu18uuiaudr ne      0    0eng d</controlfield><datafield ind1=" " ind2=" " tag="010"><subfield code="a">sn 87057243 </subfield></datafield><datafield ind1=" " ind2=" " tag="040"><subfield code="a">INP</subfield><subfield code="b">eng</subfield><subfield code="c">INP</subfield><subfield code="d">OCLCQ</subfield></datafield><datafield ind1=" " ind2=" " tag="042"><subfield code="a">msc</subfield></datafield><datafield ind1="0" ind2="0" tag="245"><subfield code="a">Keokuk evening times.</subfield></datafield><datafield ind1="1" ind2="3" tag="246"><subfield code="a">Daily evening times</subfield><subfield code="f">&lt;Sept. 2-Oct. 23, 1856&gt;</subfield></datafield><datafield ind1=" " ind2=" " tag="260"><subfield code="a">[Keokuk, Iowa] :</subfield><subfield code="b">A.T. Walling</subfield></datafield><datafield ind1=" " ind2=" " tag="300"><subfield code="a">v. :</subfield><subfield code="b">ill. ;</subfield><subfield code="c">57 cm.</subfield></datafield><datafield ind1=" " ind2=" " tag="310"><subfield code="a">Daily</subfield></datafield><datafield ind1=" " ind2=" " tag="588"><subfield code="a">Description based on: Vol. 1, no. 245 (Sept. 2, 1856).</subfield></datafield><datafield ind1=" " ind2=" " tag="752"><subfield code="a">United States</subfield><subfield code="b">Iowa</subfield><subfield code="c">Lee</subfield><subfield code="d">Keokuk.</subfield></datafield></record>